<record><leader>00000cas a22000007a 4500</leader><controlfield tag="001">12738291</controlfield><controlfield tag="008">851030d18971940inuwr ne      0    0eng d</controlfield><datafield ind1=" " ind2=" " tag="010"><subfield code="a">sn 85048111 </subfield></datafield><datafield ind1=" " ind2=" " tag="040"><subfield code="a">NPI</subfield><subfield code="b">eng</subfield><subfield code="c">NPI</subfield><subfield code="d">OCLCQ</subfield></datafield><datafield ind1=" " ind2=" " tag="042"><subfield code="a">msc</subfield></datafield><datafield ind1="0" ind2="4" tag="245"><subfield code="a">The New Washington courier.</subfield></datafield><datafield ind1=" " ind2=" " tag="260"><subfield code="a">New Washington, Ind. :</subfield><subfield code="b">John S. Smith</subfield></datafield><datafield ind1=" " ind2=" " tag="300"><subfield code="a">v. :</subfield><subfield code="b">ill. (chiefly advertisements) ;</subfield><subfield code="c">31 cm.</subfield></datafield><datafield ind1=" " ind2=" " tag="310"><subfield code="a">Weekly</subfield></datafield><datafield ind1="0" ind2=" " tag="362"><subfield code="a">Vol. 1, no. 17 (Apr. 8, 1897)-v. 43, no. 2290 (Nov. 28, 1940).</subfield></datafield><datafield ind1=" " ind2=" " tag="500"><subfield code="a">Established by John S. Smith; later assisted by his wife Mrs. Annie E. Smith.</subfield></datafield><datafield ind1=" " ind2=" " tag="500"><subfield code="a">"Not for love, honor or fame, but for cash."</subfield></datafield><datafield ind1=" " ind2=" " tag="500"><subfield code="a">"Independent" Cf. Miller, John W. Indiana newspaper bibliog.</subfield></datafield><datafield ind1=" " ind2=" " tag="752"><subfield code="a">United States</subfield><subfield code="b">Indiana</subfield><subfield code="c">Clark</subfield><subfield code="d">New Washington.</subfield></datafield><datafield ind1="0" ind2="0" tag="780"><subfield code="t">Courier (New Washington, Ind.)</subfield><subfield code="w">(DLC)sn 85048112</subfield></datafield><datafield ind1="0" ind2="0" tag="785"><subfield code="t">Charlestown courier (Charlestown, Ind.)</subfield><subfield code="w">(DLC)sn 84045441</subfield></datafield><datafield ind1="1" ind2=" " tag="029"><subfield code="a">AU@</subfield><subfield code="b">000025840674</subfield></datafield></record>